@article{nh3,
   title={Resource-Efficient Quantum Circuits for Molecular Simulations: A Case Study of Umbrella Inversion in Ammonia},
   url={http://dx.doi.org/10.1109/COMSNETS59351.2024.10427294},
   DOI={10.1109/comsnets59351.2024.10427294},
   booktitle={2024 16th International Conference on COMmunication Systems &amp; NETworkS (COMSNETS)},
   publisher={IEEE},
   author={Nirmal, M. R. and Yamijala, Sharma S. R. K. C. and Ghosh, Kalpak and Kumar, Sumit and Nambiar, Manoj},
   year={2024},
   month=jan }
@misc{Qiskit,
    author = {{Qiskit contributors}},
    title = {Qiskit: An Open-source Framework for Quantum Computing},
    year = {2023},
    doi = {10.5281/zenodo.2573505}
}
@software{qiskit_nature,
  author       = {The Qiskit Nature developers and contributors},
  title        = {Qiskit Nature 0.6.0},
  month        = {April},
  year         = {2023},
  publisher    = {Zenodo},
  version      = {0.6.0},
  doi          = {10.5281/zenodo.7828768},
  url          = {https://doi.org/10.5281/zenodo.7828768},
}
@misc{vqe_vid,
author = {Qiskit},
title = {The Variational Quantum Eigensolver — Programming on Quantum Computers — Coding with Qiskit S2E4},
month = {November},
year = {2020},
url = {https://www.youtube.com/watch?v=Z-A6G0WVI9w}
}
@article{vqe,
   title={The Variational Quantum Eigensolver: A review of methods and best practices},
   volume={986},
   ISSN={0370-1573},
   url={http://dx.doi.org/10.1016/j.physrep.2022.08.003},
   DOI={10.1016/j.physrep.2022.08.003},
   journal={Physics Reports},
   publisher={Elsevier BV},
   author={Tilly, Jules and Chen, Hongxiang and Cao, Shuxiang and Picozzi, Dario and Setia, Kanav and Li, Ying and Grant, Edward and Wossnig, Leonard and Rungger, Ivan and Booth, George H. and Tennyson, Jonathan},
   year={2022},
   month=nov, pages={1–128} }
@book{townsend,
    title = {A Modern Approach to Quantum Mechanics},
    author = {John S. Townsend},
    year = {1990},
    pages = {128}
}
@misc{ibm,
    title = {IBM Quantum - Kyoto Processor},
    author = {IBM},
    year = {2024}
}